@misc{fielding,
  author = {Fielding, R. and Gettys, J. and Mogul, J. and Frystyk, H. and Masinter, L. and Leach, P. and Berners-Lee, T.},
  title = {{RFC 2616, Hypertext Transfer Protocol -- HTTP/1.1}},
  organization = {{World Wide Web Consortium}},
  howpublished ={Retrieved 11 May 2017, \textless\url{http://www.rfc.net/rfc2616.html}\textgreater},
  year = 1999
}

@misc{hallam,
  author = {Hallam-Baker, P.M. and Behlendorf, B},
  title = {{Extended Log File Format}},
  organization = {{World Wide Web Consortium}},
  howpublished = {Retrieved 11 May 2017, \textless\url{https://www.w3.org/TR/WD-logfile-960221.html}\textgreater},
  year = 1998
}

@misc{ms1,
  author = {{Microsoft Corporation}},
  title = {{W3C Extended Log File Format (IIS 6.0)}},
  howpublished = {Retrieved 11 May 2017, \textless\url{https://www.microsoft.com/technet/prodtechnol/WindowsServer2003/Library/IIS/676400bc-8969-4aa7-851a-9319490a9bbb.mspx?mfr=true}\textgreater},
  year = 2003
}

@misc{spark,
  author = {Patrick Wendell},
  title = {{Frequent Pattern Mining - RDD-based API}},
  howpublished = {Retrieved 11 May 2017, \textless\url{https://people.apache.org/~pwendell/spark-nightly/spark-master-docs/latest/mllib-frequent-pattern-mining.html}\textgreater},
  year = 2017
}

@misc{ms2,
  author = {{Microsoft Corporation}},
  title = {{Description of Microsoft Internet Information Services (IIS) 5.0 and 6.0 status codes}},
  howpublished = {Retrieved 11 May 2017, \textless\url{https://support.microsoft.com/en-au/help/318380/description-of-microsoft-internet-information-services-iis-5.0-and-6.0-status-codes}\textgreater},
  year = 2017
}

@misc{ms3,
  author = {Wolf, M. and Wicksteed, C.},
  title = {{Date and Time Formats}},
  howpublished = {https://www.w3.org/TR/NOTE-datetime}\textgreater},
  organization = {{World Wide Web Consortium}},
  year = 1998
}

@article{Han:2000:MFP:335191.335372,
 author = {Han, Jiawei and Pei, Jian and Yin, Yiwen},
 title = {Mining Frequent Patterns Without Candidate Generation},
 journal = {SIGMOD Rec.},
 issue_date = {June 2000},
 volume = {29},
 number = {2},
 month = may,
 year = {2000},
 issn = {0163-5808},
 pages = {1--12},
 numpages = {12},
 url = {http://doi.acm.org/10.1145/335191.335372},
 doi = {10.1145/335191.335372},
 acmid = {335372},
 publisher = {ACM},
 address = {New York, NY, USA},
} 
